<record><leader>00000cas a22000007a 4500</leader><controlfield tag="001">9694614</controlfield><controlfield tag="008">830712c18839999wvuwn ne      0   a0eng d</controlfield><datafield ind1=" " ind2=" " tag="010"><subfield code="a">sn 83004262 </subfield></datafield><datafield ind1=" " ind2=" " tag="040"><subfield code="a">NSD</subfield><subfield code="b">eng</subfield><subfield code="c">NSD</subfield><subfield code="d">WVC</subfield><subfield code="d">DLC</subfield><subfield code="d">OCL</subfield><subfield code="d">NVK</subfield><subfield code="d">OCLCQ</subfield><subfield code="d">OCLCF</subfield><subfield code="d">OCLCO</subfield></datafield><datafield ind1=" " ind2=" " tag="012"><subfield code="l">1</subfield><subfield code="m">1</subfield></datafield><datafield ind1="1" ind2=" " tag="022"><subfield code="a">0738-8373</subfield><subfield code="l">0738-8373</subfield><subfield code="2">1</subfield></datafield><datafield ind1="1" ind2=" " tag="029"><subfield code="a">AU@</subfield><subfield code="b">000020289739</subfield></datafield><datafield ind1=" " ind2=" " tag="032"><subfield code="a">436640</subfield><subfield code="b">USPS</subfield></datafield><datafield ind1=" " ind2=" " tag="037"><subfield code="b">The Pocahontas Times, 810 Second Ave., Marlinton, WV 24954</subfield></datafield><datafield ind1=" " ind2=" " tag="042"><subfield code="a">nsdp</subfield></datafield><datafield ind1=" " ind2=" " tag="043"><subfield code="a">n-us-wv</subfield></datafield><datafield ind1=" " ind2="0" tag="222"><subfield code="a">Pocahontas times</subfield></datafield><datafield ind1="0" ind2="0" tag="245"><subfield code="a">Pocahontas times.</subfield></datafield><datafield ind1=" " ind2=" " tag="260"><subfield code="a">Huntersville, W. Va. :</subfield><subfield code="b">J. Buchanan Canfield</subfield></datafield><datafield ind1=" " ind2=" " tag="310"><subfield code="a">Weekly (except the last week of the year)</subfield></datafield><datafield ind1="1" ind2=" " tag="362"><subfield code="a">Began May 10, 1883.</subfield><subfield code="z">Cf. Pocahontas Times, May 12, 1983.</subfield></datafield><datafield ind1=" " ind2=" " tag="500"><subfield code="a">Paper moved to Marlinton, W. Va. with v. 9, no. 42 (May 5, 1892)--where it is still published.</subfield></datafield><datafield ind1=" " ind2=" " tag="500"><subfield code="a">Publishers: James Buchanan Canfield &amp; Hezekiah B. Marshall, 1883-1884; Canfield, 1884-1888; C. Forrest Moore &amp; Samuel B. Loury, 1888-1889; John E. Campbell, 1889-1892; Rev. William T. Price, Andrew Price &amp; Dr. James W. Price, 1892-1906; Calvin Price, 1906-1957; Mabel M. Price, 1957-1960; Jane Ice Sharp, 1960-1981; Pocahontas Times, Inc., 1981-</subfield></datafield><datafield ind1=" " ind2=" " tag="530"><subfield code="a">Available on microfilm from U.M.I.</subfield></datafield><datafield ind1=" " ind2=" " tag="588"><subfield code="a">Description based on: Vol. 2, no. 16 (Sept. 18, 1884).</subfield></datafield><datafield ind1=" " ind2="0" tag="651"><subfield code="a">Huntersville (W. Va.)</subfield><subfield code="v">Newspapers.</subfield></datafield><datafield ind1=" " ind2="7" tag="655"><subfield code="a">Newspapers.</subfield><subfield code="2">fast</subfield><subfield code="0">(OCoLC)fst01423814</subfield></datafield><datafield ind1=" " ind2="7" tag="651"><subfield code="a">West Virginia</subfield><subfield code="z">Huntersville.</subfield><subfield code="2">fast</subfield><subfield code="0">(OCoLC)fst01306679</subfield></datafield><datafield ind1=" " ind2=" " tag="752"><subfield code="a">United States</subfield><subfield code="b">West Virginia</subfield><subfield code="c">Pocahontas</subfield><subfield code="d">Marlinton.</subfield></datafield><datafield ind1=" " ind2=" " tag="752"><subfield code="a">United States</subfield><subfield code="b">West Virginia</subfield><subfield code="c">Pocahontas</subfield><subfield code="d">Huntersville.</subfield></datafield></record>